<?xml version="1.0" encoding="UTF-8"?><record xmlns="http://www.loc.gov/MARC21/slim" xmlns:cinclude="http://apache.org/cocoon/include/1.0" xmlns:zs="http://www.loc.gov/zing/srw/">
  <leader>00470nz  a2200145n  4500</leader>
  <controlfield tag="001">nb2011022545</controlfield>
  <controlfield tag="003">DLC</controlfield>
  <controlfield tag="005">20110826075039.0</controlfield>
  <controlfield tag="008">110824n| acannaabn          |n aaa      </controlfield>
  <datafield tag="010" ind1=" " ind2=" ">
    <subfield code="a">nb2011022545</subfield>
  </datafield>
  <datafield tag="035" ind1=" " ind2=" ">
    <subfield code="a">(Uk)008236947</subfield>
  </datafield>
  <datafield tag="040" ind1=" " ind2=" ">
    <subfield code="a">Uk</subfield>
    <subfield code="b">eng</subfield>
    <subfield code="c">Uk</subfield>
  </datafield>
  <datafield tag="100" ind1="1" ind2=" ">
    <subfield code="a">Fletcher, Margaret,</subfield>
    <subfield code="d">1942-</subfield>
  </datafield>
  <datafield tag="670" ind1=" " ind2=" ">
    <subfield code="a">Cromwell's settlers, 2010:</subfield>
    <subfield code="b">t.p. facing (compiled by Margaret Fletcher)</subfield>
  </datafield>
  <datafield tag="670" ind1=" " ind2=" ">
    <subfield code="a">E-mail from compiler, 19 Aug. 2011</subfield>
    <subfield code="b">(Margaret Fletcher, nee Gwilym, born 21 July 1942)</subfield>
  </datafield>
</record>